<?xml version="1.0" encoding="UTF-8"?>
<record xmlns="http://www.loc.gov/MARC21/slim">
   <leader>01437cam a22002655  4500</leader>
   <controlfield tag="001">2785809</controlfield>
   <controlfield tag="003">NjP</controlfield>
   <controlfield tag="005">20171013180748.0</controlfield>
   <controlfield tag="008">991112s1957    ir c          000 0 ara d</controlfield>
   <datafield tag="024" ind1="7" ind2=" ">
      <subfield code="a">princeton_aco004910</subfield>
      <subfield code="2">local</subfield>
   </datafield>
   <datafield ind1=" " ind2=" " tag="035">
      <subfield code="a">(OCoLC)ocm42812631</subfield>
   </datafield>
   <datafield ind1=" " ind2=" " tag="035">
      <subfield code="9">CNJ4578TS</subfield>
   </datafield>
   <datafield ind1=" " ind2=" " tag="040">
      <subfield code="a">PUL</subfield>
      <subfield code="c">PUL</subfield>
   </datafield>
   <datafield ind1="1" ind2=" " tag="100">
      <subfield code="a">Anṣārī, Murtaḍá ibn Muḥammad Amīn,</subfield>
      <subfield code="d">1799 or 1800-1864.</subfield>
      <subfield code="0">http://id.loc.gov/authorities/names/n85281173</subfield>
   </datafield>
   <datafield ind1="1" ind2="0" tag="245">
      <subfield code="a">Rasāʼil ... maʻrūf ba-Farāʼid, bā taṣḥīḥ-i Husayn Khādimi ...</subfield>
      <subfield code="c">va Hāshiyeh-yi Rizā Hamadānī [va taʻlīqāt-i Muḥammad Kāẓim al-Tūsī va Muḥammad ʻAlī al-Fatḥī al-Dizfūlī]</subfield>
   </datafield>
   <datafield ind1="1" ind2="4" tag="246">
      <subfield code="a">Farāʼid al-uṣūl</subfield>
   </datafield>
   <datafield ind1=" " ind2=" " tag="260">
      <subfield code="a">Tehran,</subfield>
      <subfield code="b">Maktabat-i Jaʻfari al-Tabrīzī</subfield>
      <subfield code="c">[1377 [1957]]</subfield>
   </datafield>
   <datafield ind1=" " ind2=" " tag="300">
      <subfield code="a">2 v. in 1.</subfield>
      <subfield code="b">port.</subfield>
      <subfield code="c">35 cm.</subfield>
   </datafield>
   <datafield ind1=" " ind2=" " tag="546">
      <subfield code="a">In Arabic.</subfield>
   </datafield>
   <datafield ind1=" " ind2="0" tag="650">
      <subfield code="a">Islamic law.</subfield>
      <subfield code="0">http://id.loc.gov/authorities/subjects/sh85068454</subfield>
   </datafield>
   <datafield ind1=" " ind2="0" tag="650">
      <subfield code="a">Shiites.</subfield>
      <subfield code="0">http://id.loc.gov/authorities/subjects/sh85121432</subfield>
   </datafield>
   <datafield ind1="1" ind2=" " tag="700">
      <subfield code="a">Hamadhānī, Muḥammad Riḍā ibn Muḥammad Hādī,</subfield>
      <subfield code="d">-1904 or 1905.</subfield>
      <subfield code="0">http://id.loc.gov/authorities/names/nr91035412</subfield>
   </datafield>
   <datafield ind1="1" ind2=" " tag="700">
      <subfield code="a">Mudarris Fatḥī Dizfūlī, Muḥammad ʻAlī,</subfield>
      <subfield code="d">1854 or 5-1940.</subfield>
   </datafield>
   <datafield ind1="1" ind2=" " tag="700">
      <subfield code="a">Shīrāzī, Muḥammad Kāẓim,</subfield>
      <subfield code="d">1875 or 1876-1947 or 1948.</subfield>
      <subfield code="0">http://id.loc.gov/authorities/names/nr96006393</subfield>
   </datafield>
   <datafield ind1=" " ind2=" " tag="945">
      <subfield code="a">F</subfield>
      <subfield code="b">1</subfield>
      <subfield code="c">2265.1185.374.1957q</subfield>
   </datafield>
   <datafield ind1=" " ind2=" " tag="911">
      <subfield code="a">20000130</subfield>
   </datafield>
   <datafield ind1="0" ind2="0" tag="852">
      <subfield code="0">3096765</subfield>
      <subfield code="b">nec</subfield>
      <subfield code="c">Oversize</subfield>
      <subfield code="h">KBP370.A57</subfield>
      <subfield code="i">A373 1957q</subfield>
   </datafield>
   <datafield ind1=" " ind2=" " tag="959">
      <subfield code="a">2011-06-21 10:53:03 -0400</subfield>
   </datafield>
</record>
